@article{simon2012cerrado,
  title={Evidence for adaptation to fire regimes in the tropical savannas of the Brazilian Cerrado},
  author={Simon, Marcelo F and Pennington, Toby},
  journal={International Journal of Plant Sciences},
  volume={173},
  number={6},
  pages={711--723},
  year={2012},
  publisher={University of Chicago Press Chicago, IL},
  doi={10.1086/665973}
}

@article{shi2015speciation,
  title={Speciation dynamics during the global radiation of extant bats},
  author={Shi, Jeff J and Rabosky, Daniel L},
  journal={Evolution},
  volume={69},
  number={6},
  pages={1528--1545},
  year={2015},
  publisher={Wiley Online Library},
doi={10.1111/evo.12681}
}

@article{legume2013legume,
  title={Legume phylogeny and classification in the 21st century: progress, prospects and lessons for other species--rich clades},
  author={Legume Phylogeny Working Group and Bruneau, Anne and Doyle, Jeff J and Herendeen, Patrick and Hughes, Colin and Kenicer, Greg and Lewis, Gwilym and Mackinder, Barbara and Pennington, R Toby and Sanderson, Michael J and others},
  journal={Taxon},
  volume={62},
  number={2},
  pages={217--248},
  year={2013},
  publisher={Wiley Online Library},
  doi={10.12705/622.8}
}
@article{greenberg2011caryophyllaceae,
  title={Molecular systematics and character evolution in Caryophyllaceae},
  author={Greenberg, Anne K and Donoghue, Michael J},
  journal={Taxon},
  volume={60},
  number={6},
  pages={1637--1652},
  year={2011},
  publisher={Wiley Online Library},
  doi={10.1002/tax.606009}
}

@article{crawford2012more,
  title={More than 1000 ultraconserved elements provide evidence that turtles are the sister group of archosaurs},
  author={Crawford, Nicholas G and Faircloth, Brant C and McCormack, John E and Brumfield, Robb T and Winker, Kevin and Glenn, Travis C},
  journal={Biology letters},
  volume={8},
  number={5},
  pages={783--786},
  year={2012},
  publisher={The Royal Society},
  doi={10.1098/rsbl.2012.0331}
}

@article{thomson2010sparse,
  title={Sparse supermatrices for phylogenetic inference: taxonomy, alignment, rogue taxa, and the phylogeny of living turtles},
  author={Thomson, Robert C and Shaffer, H Bradley},
  journal={Systematic biology},
  volume={59},
  number={1},
  pages={42--58},
  year={2010},
  publisher={Oxford University Press}
}
@article{crete2012salmonidae,
  title={Framing the Salmonidae family phylogenetic portrait: a more complete picture from increased taxon sampling},
  author={Cr{\^e}te-Lafreni{\`e}re, Alexis and Weir, Laura K and Bernatchez, Louis},
  journal={PloS one},
  volume={7},
  number={10},
  year={2012},
  publisher={Public Library of Science}
}
@article{helmus2010communities,
  title={Communities contain closely related species during ecosystem disturbance},
  author={Helmus, Matthew R and Keller, Wendel and Paterson, Michael J and Yan, Norman D and Cannon, Charles H and Rusak, James A},
  journal={Ecology letters},
  volume={13},
  number={2},
  pages={162--174},
  year={2010},
  doi={10.1111/j.1461-0248.2009.01411.x},
  publisher={Wiley Online Library}
}
@article{smith2009mega,
  title={Mega-phylogeny approach for comparative biology: an alternative to supertree and supermatrix approaches},
  author={Smith, Stephen A and Beaulieu, Jeremy M and Donoghue, Michael J},
  journal={BMC evolutionary biology},
  volume={9},
  number={1},
  pages={37},
  year={2009},
  publisher={Springer}
}
@article{sarkinen2013solanaceae,
  title={A phylogenetic framework for evolutionary study of the nightshades (Solanaceae): a dated 1000-tip tree},
  author={S{\"a}rkinen, Tiina and Bohs, Lynn and Olmstead, Richard G and Knapp, Sandra},
  journal={BMC evolutionary biology},
  volume={13},
  number={1},
  pages={214},
  year={2013},
  publisher={BioMed Central}
}
@article{beaulieu2012modeling,
  title={Modeling stabilizing selection: expanding the Ornstein--Uhlenbeck model of adaptive evolution},
  author={Beaulieu, Jeremy M and Jhwueng, Dwueng-Chwuan and Boettiger, Carl and O’Meara, Brian C},
  journal={Evolution: International Journal of Organic Evolution},
  volume={66},
  number={8},
  pages={2369--2383},
  year={2012},
  publisher={Wiley Online Library}
}
@article{antonelli2017toward,
  title={Toward a self-updating platform for estimating rates of speciation and migration, ages, and relationships of taxa},
  author={Antonelli, Alexandre and Hettling, Hannes and Condamine, Fabien L and Vos, Karin and Nilsson, R Henrik and Sanderson, Michael J and Sauquet, Herv{\'e} and Scharn, Ruud and Silvestro, Daniele and T{\"o}pel, Mats and others},
  journal={Systematic Biology},
  volume={66},
  number={2},
  pages={152--166},
  year={2017},
  publisher={Oxford University Press}
}

@article{sanderson2008phylota,
    author = {Sanderson, Michael J. and Boss, Darren and Chen, Duhong and Cranston, Karen A. and Wehe, Andre},
    title = "{The PhyLoTA Browser: Processing GenBank for Molecular Phylogenetics Research}",
    journal = {Systematic Biology},
    volume = {57},
    number = {3},
    pages = {335-346},
    year = {2008},
    month = {06},
    abstract = "{As an archive of sequence data for over 165,000 species, GenBank is an indispensable resource for phylogenetic inference. Here we describe an informatics processing pipeline and online database, the PhyLoTA Browser (http://loco.biosci.arizona.edu/pb), which offers a view of GenBank tailored for molecular phylogenetics. The first release of the Browser is computed from 2.6 million sequences representing the taxonomically enriched subset of GenBank sequences for eukaryotes (excluding most genome survey sequences, ESTs, and other high-throughput data). In addition to summarizing sequence diversity and species diversity across nodes in the NCBI taxonomy, it reports 87,000 potentially phylogenetically informative clusters of homologous sequences, which can be viewed or downloaded, along with provisional alignments and coarse phylogenetic trees. At each node in the NCBI hierarchy, the user can display a “data availability matrix” of all available sequences for entries in a subtaxa-by-clusters matrix. This matrix provides a guidepost for subsequent assembly of multigene data sets or supertrees. The database allows for comparison of results from previous GenBank releases, highlighting recent additions of either sequences or taxa to GenBank and letting investigators track progress on data availability worldwide. Although the reported alignments and trees are extremely approximate, the database reports several statistics correlated with alignment quality to help users choose from alternative data sources.}",
    issn = {1063-5157},
    doi = {10.1080/10635150802158688},
    url = {https://doi.org/10.1080/10635150802158688},
    eprint = {https://academic.oup.com/sysbio/article-pdf/57/3/335/24203605/57-3-335.pdf},
}


@article{schoch2009ascomycota,
  title={The Ascomycota tree of life: a phylum-wide phylogeny clarifies the origin and evolution of fundamental reproductive and ecological traits},
  author={Schoch, Conrad L and Sung, Gi-Ho and L{\'o}pez-Gir{\'a}ldez, Francesc and Townsend, Jeffrey P and Miadlikowska, Jolanta and Hofstetter, Val{\'e}rie and Robbertse, Barbara and Matheny, P Brandon and Kauff, Frank and Wang, Zheng and others},
  journal={Systematic biology},
  volume={58},
  number={2},
  pages={224--239},
  year={2009},
  publisher={Oxford University Press}
}

@article{smith2019pyphlawd,
  title={PyPHLAWD: A python tool for phylogenetic dataset construction},
  author={Smith, Stephen A and Walker, Joseph F},
  journal={Methods in Ecology and Evolution},
  volume={10},
  number={1},
  pages={104--108},
  year={2019},
  publisher={Wiley Online Library}
}
@article{Pearson:2017,
  	Adsnote = {Provided by the SAO/NASA Astrophysics Data System},
  	Adsurl = {http://adsabs.harvard.edu/abs/2017arXiv170304627P},
  	Archiveprefix = {arXiv},
  	Author = {{Pearson}, S. and {Price-Whelan}, A.~M. and {Johnston}, K.~V.},
  	Eprint = {1703.04627},
  	Journal = {ArXiv e-prints},
  	Keywords = {Astrophysics - Astrophysics of Galaxies},
  	Month = mar,
  	Title = {{Gaps in Globular Cluster Streams: Pal 5 and the Galactic Bar}},
  	Year = 2017
}

@book{Binney:2008,
  	Adsnote = {Provided by the SAO/NASA Astrophysics Data System},
  	Adsurl = {http://adsabs.harvard.edu/abs/2008gady.book.....B},
  	Author = {{Binney}, J. and {Tremaine}, S.},
  	Booktitle = {Galactic Dynamics: Second Edition, by James Binney and Scott Tremaine.~ISBN 978-0-691-13026-2 (HB).~Published by Princeton University Press, Princeton, NJ USA, 2008.},
  	Publisher = {Princeton University Press},
  	Title = {{Galactic Dynamics: Second Edition}},
  	Year = 2008
}

@article{gaia,
    author = {{Gaia Collaboration}},
    title = "{The Gaia mission}",
    journal = {\aap},
    archivePrefix = "arXiv",
    eprint = {1609.04153},
    primaryClass = "astro-ph.IM",
    keywords = {space vehicles: instruments, Galaxy: structure, astrometry, parallaxes, proper motions, telescopes},
    year = 2016,
    month = nov,
    volume = 595,
    doi = {10.1051/0004-6361/201629272},
    adsurl = {http://adsabs.harvard.edu/abs/2016A%26A...595A...1G},
}

@article{astropy,
    author = {{Astropy Collaboration}},
    title = "{Astropy: A community Python package for astronomy}",
    journal = {\aap},
    archivePrefix = "arXiv",
    eprint = {1307.6212},
    primaryClass = "astro-ph.IM",
    keywords = {methods: data analysis, methods: miscellaneous, virtual observatory tools},
    year = 2013,
    month = oct,
    volume = 558,
    doi = {10.1051/0004-6361/201322068},
    adsurl = {http://adsabs.harvard.edu/abs/2013A%26A...558A..33A}
}
